@inproceedings{gibert2018hate,
    title = "{Hate Speech Dataset from a White Supremacy Forum}",
    author = "de Gibert, Ona and Perez, Naiara and Garc{\'\i}a-Pablos, Aitor and Cuadros, Montse",
    booktitle = "Proceedings of the 2nd Workshop on Abusive Language Online ({ALW}2)",
    month = oct,
    year = "2018",
    address = "Brussels, Belgium",
    publisher = "Association for Computational Linguistics",
    url = "https://www.aclweb.org/anthology/W18-5102",
    doi = "10.18653/v1/W18-5102",
    pages = "11--20",
}
@misc{lemmatization,
    title = {Stemming and Lemmatization},
    author = {IBM},
    year = {2023},
    url = {https://www.ibm.com/topics/stemming-lemmatization}
@misc{scikit-learn,
    title = {sklearn.svm.LinearSVC},
    author = {Scikit-learn Developers},
    year = {2023},
    url = {https://scikit-learn.org/stable/modules/generated/sklearn.svm.LinearSVC.html}
}
@misc{ibm-rnn,
    title = {Recurrent Neural Networks},
    author = {IBM},
    year = {2023},
    url = {https://www.ibm.com/topics/recurrent-neural-networks}
}

@article{distilbert,
  author = {Victor Sanh and Lysandre Debut and Julien Chaumond and Thomas Wolf},
  title = {DistilBERT, a distilled version of BERT: smaller, faster, cheaper and lighter},
  journal = {arXiv preprint arXiv:1910.01108},
  year = {2019},
  url = {https://www.sciencedirect.com/topics/computer-science/distilbert}
}

